@Manual{R-base,
  title = {R: A Language and Environment for Statistical Computing},
  author = {{R Core Team}},
  organization = {R Foundation for Statistical Computing},
  address = {Vienna, Austria},
  year = {2015},
  url = {http://www.R-project.org/},
}
@Manual{R-papaja,
  title = {papaja: Title: APA manscripts from RMarkdown},
  author = {Frederik Aust},
  note = {R package version 0.1.0.9000},
  url = {https://github.com/crsh/papaja},
  year = {2015},
}





