
@misc{_origin_????,
	title = {Origin and patterns of the {Upper} {Paleolithic} industries in the {Korean} {Peninsula} and movement of modern humans in {East} {Asia}},
	url = {http://www.sciencedirect.com.offcampus.lib.washington.edu/science/article/pii/S1040618209001852},
	urldate = {2015-02-06},
	file = {Origin and patterns of the Upper Paleolithic industries in the Korean Peninsula and movement of modern humans in East Asia:files/38/S1040618209001852.html:text/html}
}

@misc{_three_????,
	title = {Three {Styles} of {Darwinian} {Evolution} in the {Analysis} of {Stone} {Artefacts}: {Which} {One} to {Use} in {Mainland} {Southeast} {Asia}? on {JSTOR}},
	url = {http://www.jstor.org.offcampus.lib.washington.edu/stable/40288025?seq=1#page_scan_tab_contents},
	urldate = {2015-03-18},
	file = {Three Styles of Darwinian Evolution in the Analysis of Stone Artefacts\: Which One to Use in Mainland Southeast Asia? on JSTOR:files/49/40288025.html:text/html}
}

@misc{_comments_????,
	title = {Comments {On} ‘{Technological} {Choices} in {Ceramic} {Production}’, {Archaeometry}, 42(1), 1–76, 2000 - {Cumberpatch} - 2002 - {Archaeometry} - {Wiley} {Online} {Library}},
	url = {http://onlinelibrary.wiley.com.offcampus.lib.washington.edu/doi/10.1111/1475-4754.00018/pdf},
	urldate = {2015-01-13},
	file = {Comments On ‘Technological Choices in Ceramic Production’, Archaeometry, 42(1), 1–76, 2000 - Cumberpatch - 2002 - Archaeometry - Wiley Online Library:files/28/pdf.html:text/html}
}

@misc{_technology_????,
	title = {Technology, {Flaked} {Stone} {Technology}, and {Risk} - {Bamforth} - 2008 - {Archeological} {Papers} of the {American} {Anthropological} {Association} - {Wiley} {Online} {Library}},
	url = {http://onlinelibrary.wiley.com.offcampus.lib.washington.edu/doi/10.1525/ap3a.1997.7.1.109/pdf},
	urldate = {2015-01-25},
	file = {Technology, Flaked Stone Technology, and Risk - Bamforth - 2008 - Archeological Papers of the American Anthropological Association - Wiley Online Library:files/36/pdf.html:text/html}
}

@misc{__????
}

@misc{center_for_history_and_new_media__????,
	title = {빠른 시작 길잡이},
	url = {http://zotero.org/support/quick_start_guide},
	author = {{Center for History and New Media}},
	annote = {Zotero 사용을 환영합니다!자료를 수집, 관리, 인용, 공유하는 방법을 알려면, Quick Start Guide를 참고하세요.Zotero를 설치해 주셔서 감사합니다.}
}

@misc{_blade_????,
	title = {Blade production ∼500 thousand years ago at {Kathu} {Pan} 1, {South} {Africa}: support for a multiple origins hypothesis for early {Middle} {Pleistocene} blade technologies},
	url = {http://www.sciencedirect.com.offcampus.lib.washington.edu/science/article/pii/S030544031200043X#},
	urldate = {2015-03-08},
	file = {Blade production ∼500 thousand years ago at Kathu Pan 1, South Africa\: support for a multiple origins hypothesis for early Middle Pleistocene blade technologies:files/54/S030544031200043X.html:text/html}
}

@book{__????-1
}

@misc{__????-2,
	url = {http://onlinelibrary.wiley.com.offcampus.lib.washington.edu/doi/10.1525/aa.1966.68.2.02a001030/epdf},
	urldate = {2015-05-15},
	file = {:files/69/epdf.html:text/html}
}

@misc{_:::_????,
	title = {::: 고고학사전- 호아빈문화({Hoabinhian} culture) :::},
	url = {http://portal.nricp.go.kr/kr/data/dic/dicprint.jsp?id=15960},
	urldate = {2014-11-06},
	file = {\:\:\: 고고학사전- 호아빈문화(Hoabinhian culture) \:\:\::files/14/dicprint.html:text/html}
}

@misc{__????-3
}

@misc{_risk_????,
	title = {Risk, mobility or population size? {Drivers} of technological richness among contact-period western {North} {American} hunter–gatherers},
	url = {http://classic.rstb.royalsocietypublishing.org/content/368/1630/20120412.full.pdf+html},
	urldate = {2015-02-24},
	file = {Risk, mobility or population size? Drivers of technological richness among contact-period western North American hunter–gatherers:files/47/20120412.full.html:text/html}
}

@misc{_parkgayoung/scientifcexplantion_????,
	title = {parkgayoung/scientifcexplantion},
	url = {https://github.com/parkgayoung/scientifcexplantion},
	abstract = {Contribute to scientifcexplantion development by creating an account on GitHub.},
	urldate = {2015-04-15},
	journal = {GitHub},
	file = {Snapshot:files/60/3.html:text/html}
}

@misc{_through_????,
	title = {Through a filter, darkly: population size estimation, systematic error, and random error in radiocarbon-supported demographic temporal frequency analysis},
	url = {http://www.sciencedirect.com.offcampus.lib.washington.edu/science/article/pii/S0305440314003835},
	urldate = {2015-03-09},
	file = {Through a filter, darkly\: population size estimation, systematic error, and random error in radiocarbon-supported demographic temporal frequency analysis:files/56/S0305440314003835.html:text/html}
}